<?xml version="1.0" encoding="UTF-8"?><record xmlns="http://www.loc.gov/MARC21/slim" xmlns:cinclude="http://apache.org/cocoon/include/1.0" xmlns:zs="http://www.loc.gov/zing/srw/">
  <leader>00528cz  a2200133n  4500</leader>
  <controlfield tag="001">n  85002773 </controlfield>
  <controlfield tag="003">DLC</controlfield>
  <controlfield tag="005">20080707075522.0</controlfield>
  <controlfield tag="008">851219n| acannaabn          |n anc      </controlfield>
  <datafield tag="010" ind1=" " ind2=" ">
    <subfield code="a">n  85002773 </subfield>
  </datafield>
  <datafield tag="035" ind1=" " ind2=" ">
    <subfield code="a">(OCoLC)oca01468568</subfield>
  </datafield>
  <datafield tag="040" ind1=" " ind2=" ">
    <subfield code="a">DLC</subfield>
    <subfield code="b">eng</subfield>
    <subfield code="c">DLC</subfield>
    <subfield code="d">DLC</subfield>
    <subfield code="d">OCoLC</subfield>
  </datafield>
  <datafield tag="110" ind1="2" ind2=" ">
    <subfield code="a">Union of National Radio and Television Organizations of Africa.</subfield>
    <subfield code="b">Direction centre technique</subfield>
  </datafield>
  <datafield tag="670" ind1=" " ind2=" ">
    <subfield code="a">Monitoring of the high frequency ... deĚc. 1983:</subfield>
    <subfield code="b">t.p. (Direction centre technique; Union of National Radio and Television Organizations of Africa)</subfield>
  </datafield>
</record>